<?xml version="1.0" encoding="UTF-8"?><collection xmlns="http://www.loc.gov/MARC21/slim"><record><leader>00436nam--2200133-i-4500</leader><controlfield tag="001">000025465</controlfield><controlfield tag="002">20161230</controlfield><controlfield tag="005">20161230201035</controlfield><controlfield tag="008">060222s1000------------r-----000-0-eng-d</controlfield><datafield ind1=" " ind2=" " tag="080"><subfield code="a">681.5.015.7:681.5.015.3(043)</subfield></datafield><datafield ind1=" " ind2=" " tag="100"><subfield code="a">Jourdain, Genevieve</subfield></datafield><datafield ind1=" " ind2=" " tag="245"><subfield code="a">Filtres lineaires aleatoires et non stationnaires modeles, simulations et applications. these</subfield></datafield><datafield ind1=" " ind2=" " tag="260"><subfield code="a">Grenoble, Universite Scientifique Et Medicale, 1976, 204p</subfield></datafield><datafield ind1=" " ind2=" " tag="852"><subfield code="a">46392</subfield></datafield></record></collection>